@article{galun_sharon_basri_brandt_2003, title={Texture Segmentation by Multiscale Aggregation of Filter Responses and Shape Elements}, url={https://ieeexplore.ieee.org/abstract/document/1238418}, DOI={https://doi.org/10.1109/iccv.2003.1238418}, journal={CiteSeer X (The Pennsylvania State University)}, publisher={Pennsylvania State University}, author={Galun and Sharon, Eitan and Basri, Ronen and Brandt, Laura}, year={2003}, month={Jan} }

@article{sharon_galun_sharon_basri_brandt_2006, title={Hierarchy and Adaptivity in Segmenting Visual Scenes}, volume={442}, url={https://www.nature.com/articles/nature04977}, DOI={https://doi.org/10.1038/nature04977}, number={7104}, journal={Nature}, author={Sharon, Eitan and Galun, Meirav and Sharon, Dahlia and Basri, Ronen and Brandt, Achi}, year={2006}, month={Jun}, pages={810–813} }

@article{akselrod-ballin_galun_gomori_filippi_valsasina_basri_brandt_2009, title={Automatic Segmentation and Classification of Multiple Sclerosis in Multichannel MRI}, volume={56}, url={https://ieeexplore.ieee.org/stamp/stamp.jsp?arnumber=5238795}, DOI={https://doi.org/10.1109/tbme.2008.926671}, number={10}, journal={IEEE Transactions on Biomedical Engineering}, author={Akselrod-Ballin, A. and Galun, M. and Gomori, J.M. and Filippi, M. and Valsasina, P. and Basri, R. and Brandt, A.}, year={2009}, month={Oct}, pages={2461–2469} }

@book{ghojogh_ca_karray_ca_crowley_ca_2022, title={Eigenvalue and Generalized Eigenvalue Problems: Tutorial}, url={https://arxiv.org/pdf/1903.11240.pdf}, author={Ghojogh, Benyamin and Ca, Bghojogh@uwaterloo and Karray, Fakhri and Ca, Karray@uwaterloo and Crowley, Mark and Ca, Mcrowley@uwaterloo}, year={2022} }

@article{dodge_2008, title={Lagrange Multiplier}, DOI={https://doi.org/10.1007/978-0-387-32833-1_218}, journal={Springer eBooks}, author={Dodge, Yadolah}, year={2008}, month={Feb}, pages={292–294} }

@article{higham_2009, title={Cholesky Factorization}, volume={1}, url={https://doi.org/10.1002/wics.18}, DOI={https://doi.org/10.1002/wics.18}, number={2}, journal={Wiley Interdisciplinary Reviews: Computational Statistics}, author={Higham, Nicholas J.}, year={2009}, month={Jun}, pages={251–254} }